@article{ayuso2016,
  title = {La inteligencia emocional en el trabajo},
  author = {Ayuso Arcones, Victoria},
  year = {2016},
  url = {http://uvadoc.uva.es/handle/10324/18142},
  urldate = {2024-05-11}
}

@article{macias2016,
  title = {Las m\'ultiples inteligencias},
  author = {Mac\'ias, Mar\'ia Amar\'is},
  year = {2002},
  journal = {Psicolog\'ia desde el Caribe},
  urldate = {2024-05-11},
  number = {10},
  pages = {27-38}
}

@book{gardnermultnin,
	title = {Estructuras de la mente},
	subtitle = {La teor\'ia de las inteligencias m\'ultiples},
	author = {Howard Gardner},
	edition = {2},
	year = {2001},
	isbn = {958-38-0063-5},
	editor = {Fondo de Cultura Econ\'omica},
	language = {spanish},
	address = {Colombia}
}

@online{unitec,
	title = {¿Qué es el enfoque mixto?}, 
	author = {unitec}, 
	urldate = {2024-05-12},
	url = {https://uv.unitec.edu/TallerdemetodologiadelainvestigacionINV201/lectura/S102/2/}
}


